@article{shannon1948,
  author    = {Shannon, Claude E.},
  title     = {A mathematical theory of communication},
  journal   = {The Bell System Technical Journal},
  year      = {1948},
  volume    = {27},
  number    = {3},
  pages     = {379--423}
}

@article{brown1992,
  author    = {Brown, Peter F. and Della Pietra, Stephen A. and Della Pietra, Vincent J. and Mercer, Robert L.},
  title     = {An estimate of an upper bound for the entropy of English},
  journal   = {Computational Linguistics},
  year      = {1992},
  volume    = {18},
  number    = {1},
  pages     = {31--40}
}

@inproceedings{bird2006,
  author    = {Bird, Steven},
  title     = {NLTK: The natural language toolkit},
  booktitle = {Proceedings of the COLING/ACL 2006 Interactive Presentation Sessions},
  year      = {2006},
  pages     = {69--72}
}

@misc{jieba,
  author    = {{fxsjy}},
  title     = {{Jieba} Chinese text segmentation},
  howpublished = {\url{https://github.com/fxsjy/jieba}},
  note      = {Accessed: 2025-03-10}
}

@inproceedings{yang2020,
  author    = {Yang, Xue and Zhao, Xiaowei and Tjio, Gwan and others},
  title     = {OpenCCâ€“An Open Benchmark Data Set for Corpus Callosum Segmentation and Evaluation},
  booktitle = {2020 IEEE International Conference on Image Processing (ICIP)},
  organization = {IEEE},
  year      = {2020},
  pages     = {3020--3024}
}
