@inproceedings{pennington-etal-2014-glove,
    title = "{G}lo{V}e: Global Vectors for Word Representation",
    author = "Pennington, Jeffrey  and
      Socher, Richard  and
      Manning, Christopher",
    editor = "Moschitti, Alessandro  and
      Pang, Bo  and
      Daelemans, Walter",
    booktitle = "Proceedings of the 2014 Conference on Empirical Methods in Natural Language Processing ({EMNLP})",
    month = oct,
    year = "2014",
    address = "Doha, Qatar",
    publisher = "Association for Computational Linguistics",
    url = "https://aclanthology.org/D14-1162/",
    doi = "10.3115/v1/D14-1162",
    pages = "1532--1543"
}

@misc{jieba,
  author    = {{fxsjy}},
  title     = {{Jieba} Chinese text segmentation},
  howpublished = {\url{https://github.com/fxsjy/jieba}},
  note      = {Accessed: 2025-03-10}
}

@inproceedings{yang2020,
  author    = {Yang, Xue and Zhao, Xiaowei and Tjio, Gwan and others},
  title     = {OpenCCâ€“An Open Benchmark Data Set for Corpus Callosum Segmentation and Evaluation},
  booktitle = {2020 IEEE International Conference on Image Processing (ICIP)},
  organization = {IEEE},
  year      = {2020},
  pages     = {3020--3024}
}

@article{mikolov2013efficient,
  title={Efficient estimation of word representations in vector space},
  author={Mikolov, Tomas and Chen, Kai and Corrado, Greg and Dean, Jeffrey},
  journal={arXiv preprint arXiv:1301.3781},
  year={2013}
}