@misc{openai2024gpt4ocard,
      title={GPT-4o System Card}, 
      author={OpenAI and : and Aaron Hurst and Adam Lerer and Adam P. Goucher and Adam Perelman and Aditya Ramesh and Aidan Clark and AJ Ostrow and Akila Welihinda and Alan Hayes and Alec Radford and Aleksander MÄ…dry and Alex Baker-Whitcomb and Alex Beutel and Alex Borzunov and Alex Carney and Alex Chow and Alex Kirillov and Alex Nichol and Alex Paino and Alex Renzin and Alex Tachard Passos and Alexander Kirillov and Alexi Christakis and Alexis Conneau and Ali Kamali and Allan Jabri and Allison Moyer and Allison Tam and Amadou Crookes and Amin Tootoochian and Amin Tootoonchian and Ananya Kumar and Andrea Vallone and Andrej Karpathy and Andrew Braunstein and Andrew Cann and Andrew Codispoti and Andrew Galu and Andrew Kondrich and Andrew Tulloch and Andrey Mishchenko and Angela Baek and Angela Jiang and Antoine Pelisse and Antonia Woodford and Anuj Gosalia and Arka Dhar and Ashley Pantuliano and Avi Nayak and Avital Oliver and Barret Zoph and Behrooz Ghorbani and Ben Leimberger and Ben Rossen and Ben Sokolowsky and Ben Wang and Benjamin Zweig and Beth Hoover and Blake Samic and Bob McGrew and Bobby Spero and Bogo Giertler and Bowen Cheng and Brad Lightcap and Brandon Walkin and Brendan Quinn and Brian Guarraci and Brian Hsu and Bright Kellogg and Brydon Eastman and Camillo Lugaresi and Carroll Wainwright and Cary Bassin and Cary Hudson and Casey Chu and Chad Nelson and Chak Li and Chan Jun Shern and Channing Conger and Charlotte Barette and Chelsea Voss and Chen Ding and Cheng Lu and Chong Zhang and Chris Beaumont and Chris Hallacy and Chris Koch and Christian Gibson and Christina Kim and Christine Choi and Christine McLeavey and Christopher Hesse and Claudia Fischer and Clemens Winter and Coley Czarnecki and Colin Jarvis and Colin Wei and Constantin Koumouzelis and Dane Sherburn and Daniel Kappler and Daniel Levin and Daniel Levy and David Carr and David Farhi and David Mely and David Robinson and David Sasaki and Denny Jin and Dev Valladares and Dimitris Tsipras and Doug Li and Duc Phong Nguyen and Duncan Findlay and Edede Oiwoh and Edmund Wong and Ehsan Asdar and Elizabeth Proehl and Elizabeth Yang and Eric Antonow and Eric Kramer and Eric Peterson and Eric Sigler and Eric Wallace and Eugene Brevdo and Evan Mays and Farzad Khorasani and Felipe Petroski Such and Filippo Raso and Francis Zhang and Fred von Lohmann and Freddie Sulit and Gabriel Goh and Gene Oden and Geoff Salmon and Giulio Starace and Greg Brockman and Hadi Salman and Haiming Bao and Haitang Hu and Hannah Wong and Haoyu Wang and Heather Schmidt and Heather Whitney and Heewoo Jun and Hendrik Kirchner and Henrique Ponde de Oliveira Pinto and Hongyu Ren and Huiwen Chang and Hyung Won Chung and Ian Kivlichan and Ian O'Connell and Ian O'Connell and Ian Osband and Ian Silber and Ian Sohl and Ibrahim Okuyucu and Ikai Lan and Ilya Kostrikov and Ilya Sutskever and Ingmar Kanitscheider and Ishaan Gulrajani and Jacob Coxon and Jacob Menick and Jakub Pachocki and James Aung and James Betker and James Crooks and James Lennon and Jamie Kiros and Jan Leike and Jane Park and Jason Kwon and Jason Phang and Jason Teplitz and Jason Wei and Jason Wolfe and Jay Chen and Jeff Harris and Jenia Varavva and Jessica Gan Lee and Jessica Shieh and Ji Lin and Jiahui Yu and Jiayi Weng and Jie Tang and Jieqi Yu and Joanne Jang and Joaquin Quinonero Candela and Joe Beutler and Joe Landers and Joel Parish and Johannes Heidecke and John Schulman and Jonathan Lachman and Jonathan McKay and Jonathan Uesato and Jonathan Ward and Jong Wook Kim and Joost Huizinga and Jordan Sitkin and Jos Kraaijeveld and Josh Gross and Josh Kaplan and Josh Snyder and Joshua Achiam and Joy Jiao and Joyce Lee and Juntang Zhuang and Justyn Harriman and Kai Fricke and Kai Hayashi and Karan Singhal and Katy Shi and Kavin Karthik and Kayla Wood and Kendra Rimbach and Kenny Hsu and Kenny Nguyen and Keren Gu-Lemberg and Kevin Button and Kevin Liu and Kiel Howe and Krithika Muthukumar and Kyle Luther and Lama Ahmad and Larry Kai and Lauren Itow and Lauren Workman and Leher Pathak and Leo Chen and Li Jing and Lia Guy and Liam Fedus and Liang Zhou and Lien Mamitsuka and Lilian Weng and Lindsay McCallum and Lindsey Held and Long Ouyang and Louis Feuvrier and Lu Zhang and Lukas Kondraciuk and Lukasz Kaiser and Luke Hewitt and Luke Metz and Lyric Doshi and Mada Aflak and Maddie Simens and Madelaine Boyd and Madeleine Thompson and Marat Dukhan and Mark Chen and Mark Gray and Mark Hudnall and Marvin Zhang and Marwan Aljubeh and Mateusz Litwin and Matthew Zeng and Max Johnson and Maya Shetty and Mayank Gupta and Meghan Shah and Mehmet Yatbaz and Meng Jia Yang and Mengchao Zhong and Mia Glaese and Mianna Chen and Michael Janner and Michael Lampe and Michael Petrov and Michael Wu and Michele Wang and Michelle Fradin and Michelle Pokrass and Miguel Castro and Miguel Oom Temudo de Castro and Mikhail Pavlov and Miles Brundage and Miles Wang and Minal Khan and Mira Murati and Mo Bavarian and Molly Lin and Murat Yesildal and Nacho Soto and Natalia Gimelshein and Natalie Cone and Natalie Staudacher and Natalie Summers and Natan LaFontaine and Neil Chowdhury and Nick Ryder and Nick Stathas and Nick Turley and Nik Tezak and Niko Felix and Nithanth Kudige and Nitish Keskar and Noah Deutsch and Noel Bundick and Nora Puckett and Ofir Nachum and Ola Okelola and Oleg Boiko and Oleg Murk and Oliver Jaffe and Olivia Watkins and Olivier Godement and Owen Campbell-Moore and Patrick Chao and Paul McMillan and Pavel Belov and Peng Su and Peter Bak and Peter Bakkum and Peter Deng and Peter Dolan and Peter Hoeschele and Peter Welinder and Phil Tillet and Philip Pronin and Philippe Tillet and Prafulla Dhariwal and Qiming Yuan and Rachel Dias and Rachel Lim and Rahul Arora and Rajan Troll and Randall Lin and Rapha Gontijo Lopes and Raul Puri and Reah Miyara and Reimar Leike and Renaud Gaubert and Reza Zamani and Ricky Wang and Rob Donnelly and Rob Honsby and Rocky Smith and Rohan Sahai and Rohit Ramchandani and Romain Huet and Rory Carmichael and Rowan Zellers and Roy Chen and Ruby Chen and Ruslan Nigmatullin and Ryan Cheu and Saachi Jain and Sam Altman and Sam Schoenholz and Sam Toizer and Samuel Miserendino and Sandhini Agarwal and Sara Culver and Scott Ethersmith and Scott Gray and Sean Grove and Sean Metzger and Shamez Hermani and Shantanu Jain and Shengjia Zhao and Sherwin Wu and Shino Jomoto and Shirong Wu and Shuaiqi and Xia and Sonia Phene and Spencer Papay and Srinivas Narayanan and Steve Coffey and Steve Lee and Stewart Hall and Suchir Balaji and Tal Broda and Tal Stramer and Tao Xu and Tarun Gogineni and Taya Christianson and Ted Sanders and Tejal Patwardhan and Thomas Cunninghman and Thomas Degry and Thomas Dimson and Thomas Raoux and Thomas Shadwell and Tianhao Zheng and Todd Underwood and Todor Markov and Toki Sherbakov and Tom Rubin and Tom Stasi and Tomer Kaftan and Tristan Heywood and Troy Peterson and Tyce Walters and Tyna Eloundou and Valerie Qi and Veit Moeller and Vinnie Monaco and Vishal Kuo and Vlad Fomenko and Wayne Chang and Weiyi Zheng and Wenda Zhou and Wesam Manassra and Will Sheu and Wojciech Zaremba and Yash Patil and Yilei Qian and Yongjik Kim and Youlong Cheng and Yu Zhang and Yuchen He and Yuchen Zhang and Yujia Jin and Yunxing Dai and Yury Malkov},
      year={2024},
      eprint={2410.21276},
      archivePrefix={arXiv},
      primaryClass={cs.CL},
      url={https://arxiv.org/abs/2410.21276}, 
}
@misc{yang2025qwen3technicalreport,
      title={Qwen3 Technical Report}, 
      author={An Yang and Anfeng Li and Baosong Yang and Beichen Zhang and Binyuan Hui and Bo Zheng and Bowen Yu and Chang Gao and Chengen Huang and Chenxu Lv and Chujie Zheng and Dayiheng Liu and Fan Zhou and Fei Huang and Feng Hu and Hao Ge and Haoran Wei and Huan Lin and Jialong Tang and Jian Yang and Jianhong Tu and Jianwei Zhang and Jianxin Yang and Jiaxi Yang and Jing Zhou and Jingren Zhou and Junyang Lin and Kai Dang and Keqin Bao and Kexin Yang and Le Yu and Lianghao Deng and Mei Li and Mingfeng Xue and Mingze Li and Pei Zhang and Peng Wang and Qin Zhu and Rui Men and Ruize Gao and Shixuan Liu and Shuang Luo and Tianhao Li and Tianyi Tang and Wenbiao Yin and Xingzhang Ren and Xinyu Wang and Xinyu Zhang and Xuancheng Ren and Yang Fan and Yang Su and Yichang Zhang and Yinger Zhang and Yu Wan and Yuqiong Liu and Zekun Wang and Zeyu Cui and Zhenru Zhang and Zhipeng Zhou and Zihan Qiu},
      year={2025},
      eprint={2505.09388},
      archivePrefix={arXiv},
      primaryClass={cs.CL},
      url={https://arxiv.org/abs/2505.09388}, 
}